<?xml version="1.0" encoding="UTF-8"?><record xmlns="http://www.loc.gov/MARC21/slim" xmlns:cinclude="http://apache.org/cocoon/include/1.0" xmlns:zs="http://www.loc.gov/zing/srw/">
  <leader>01249cz  a2200157n  4500</leader>
  <controlfield tag="001">n 2009039926</controlfield>
  <controlfield tag="003">DLC</controlfield>
  <controlfield tag="005">20090627075120.0</controlfield>
  <controlfield tag="008">090626n| acannaabn          |a aaa      </controlfield>
  <datafield tag="010" ind1=" " ind2=" ">
    <subfield code="a">n 2009039926</subfield>
  </datafield>
  <datafield tag="040" ind1=" " ind2=" ">
    <subfield code="a">DLC</subfield>
    <subfield code="b">eng</subfield>
    <subfield code="c">DLC</subfield>
  </datafield>
  <datafield tag="100" ind1="1" ind2=" ">
    <subfield code="a">Moores, Dick,</subfield>
    <subfield code="d">1909-1986</subfield>
  </datafield>
  <datafield tag="400" ind1="1" ind2=" ">
    <subfield code="a">Moores, Richard Arnold,</subfield>
    <subfield code="d">1909-1986</subfield>
  </datafield>
  <datafield tag="670" ind1=" " ind2=" ">
    <subfield code="a">King, F. Gasoline Alley. "You thunk up a notion, Joel?" [graphic] 1965 Apr. 6 [publication date]:</subfield>
    <subfield code="b">drawing (King &amp; / Moores)</subfield>
  </datafield>
  <datafield tag="670" ind1=" " ind2=" ">
    <subfield code="a">Lambiek comiclopedia website, viewed June 26, 2009</subfield>
    <subfield code="b">(Dick Moores  (Dec. 12,1909 - Apr. 22, 1986, USA); Richard Arnold Moores b. in Lincoln, Neb.; studied art at the Chicago Art Academy; worked as assist. to Chester Gould on the backgrounds &amp; lettering of "Dick Tracy" 1932 -1936; turned to animation in 1942, &amp; joined the Disney Studios; there, worked on several animation projects as well as comic series; worked mainly on newspaper strips during the 1940s &amp; 1950s;  in 1956, Frank King asked him to assist on the daily "Gasoline Alley" strip, which he took over competely after its creator's retirement in 1959; drew "Gasoline Alley" until his death in 1986)</subfield>
  </datafield>
  <datafield tag="670" ind1=" " ind2=" ">
    <subfield code="a">Wikipedia, viewed June 26, 2009</subfield>
    <subfield code="b">(Dick Moores, comic strip creator, best known for the comic strip Gasoline Alley)</subfield>
  </datafield>
</record>